<record><leader>00000cas a22000007a 4500</leader><controlfield tag="001">21744484</controlfield><controlfield tag="008">900608d18981914couwr ne      0    0eng d</controlfield><datafield ind1=" " ind2=" " tag="010"><subfield code="a">sn 90051396 </subfield></datafield><datafield ind1=" " ind2=" " tag="040"><subfield code="a">CNQ</subfield><subfield code="b">eng</subfield><subfield code="c">CNQ</subfield><subfield code="d">OCLCQ</subfield></datafield><datafield ind1=" " ind2=" " tag="042"><subfield code="a">msc</subfield></datafield><datafield ind1="0" ind2=" " tag="130"><subfield code="a">Florence citizen (Florence, Colo. : 1898)</subfield></datafield><datafield ind1="1" ind2="4" tag="245"><subfield code="a">The Florence citizen.</subfield></datafield><datafield ind1="1" ind2="3" tag="246"><subfield code="a">Tri-weekly citizen</subfield></datafield><datafield ind1="1" ind2="3" tag="246"><subfield code="a">Weekly citizen</subfield></datafield><datafield ind1=" " ind2=" " tag="260"><subfield code="a">Florence, Colo. :</subfield><subfield code="b">C.H. Bissell</subfield></datafield><datafield ind1=" " ind2=" " tag="300"><subfield code="a">v.</subfield></datafield><datafield ind1=" " ind2=" " tag="310"><subfield code="a">Weekly,</subfield><subfield code="b">Sept. 15, 1904-Nov. 19, 1914</subfield></datafield><datafield ind1=" " ind2=" " tag="321"><subfield code="a">Triweekly,</subfield><subfield code="b">&lt;Oct. 1, 1898&gt;-Sept. 6, 1904</subfield></datafield><datafield ind1="1" ind2=" " tag="362"><subfield code="a">Began in 1898?</subfield></datafield><datafield ind1="0" ind2=" " tag="362"><subfield code="a">-v. 16, no. 35 (Nov. 19, 1914).</subfield></datafield><datafield ind1=" " ind2=" " tag="530"><subfield code="a">Available on microfilm from the Colorado Historical Society.</subfield></datafield><datafield ind1=" " ind2=" " tag="588"><subfield code="a">Description based on: Vol. 1, no. 79 (Oct. 1, 1898).</subfield></datafield><datafield ind1=" " ind2=" " tag="752"><subfield code="a">United States</subfield><subfield code="b">Colorado</subfield><subfield code="c">Fremont</subfield><subfield code="d">Florence.</subfield></datafield><datafield ind1="0" ind2="7" tag="785"><subfield code="t">Fremont democrat</subfield><subfield code="w">(DLC)sn 21634591</subfield></datafield><datafield ind1="0" ind2="7" tag="785"><subfield code="t">Citizen-democrat formerly the Florence citizen and the Fremont democrat</subfield><subfield code="w">(DLC)sn 90051397</subfield></datafield><datafield ind1="1" ind2=" " tag="029"><subfield code="a">AU@</subfield><subfield code="b">000025851712</subfield></datafield></record>